% This file was created with JabRef 2.10.
% Encoding: Cp1252


@Article{tasilectures,
  Title                    = {TASI Lectures on Inflation},
  Author                   = {Daniel Baumann},
  Year                     = {2009},

  Eprint                   = {arXiv:0907.5424}
}

@Article{chaplygin,
  Title                    = {Single-field inflation à la generalized Chaplygin gas},
  Author                   = {Sergio del Campo},
  Year                     = {2013},

  Eprint                   = {arXiv:1310.4988}
}

@Article{bicep,
  Title                    = {BICEP2 I: Detection Of B-mode Polarization at Degree Angular Scales},
  Author                   = { BICEP2 Collaboration and P. A. R Ade and R. W. Aikin and D. Barkats and S. J. Benton and C. A. Bischoff and J. J. Bock and J. A. Brevik and I. Buder and E. Bullock and C. D. Dowell and L. Duband and J. P. Filippini and S. Fliescher and S. R. Golwala and M. Halpern and M. Hasselfield and S. R. Hildebrandt and G. C. Hilton and V. V. Hristov and K. D. Irwin and K. S. Karkare and J. P. Kaufman and B. G. Keating and S. A. Kernasovskiy and J. M. Kovac and C. L. Kuo and E. M. Leitch and M. Lueker and P. Mason and C. B. Netterfield and H. T. Nguyen and R. O'Brient and R. W. Ogburn IV and A. Orlando and C. Pryke and C. D. Reintsema and S. Richter and R. Schwarz and C. D. Sheehy and Z. K. Staniszewski and R. V. Sudiwala and G. P. Teply and J. E. Tolan and A. D. Turner and A. G. Vieregg and C. L. Wong and K. W. Yoon},
  Year                     = {2014},

  Eprint                   = {arXiv:1403.3985}
}

@Booklet{carlo,
  Title                    = {Msc in Particles and Quantum Fields - Particle Cosmology Course},

  Address                  = {Imperial College},
  Author                   = {Carlo Contaldi},
  Year                     = {2012},

  Owner                    = {Tom},
  Timestamp                = {2014.04.03}
}

@Book{modcosmo,
  Title                    = {Modern cosmology},
  Author                   = {Dodelson, Scott},
  Publisher                = {Access Online via Elsevier},
  Year                     = {2003},

  Owner                    = {Tom},
  Timestamp                = {2014.04.03}
}

@Book{goldstein,
  Title                    = {Classical mechanics},
  Author                   = {Herbert Goldstein},
  Publisher                = {Addison-Wesley},
  Year                     = {1980},

  Address                  = {Reading, Mass. ; Wokingham},
  Edition                  = {2nd ed.},

  Keywords                 = {Mechanics}
}

@Book{liddle,
  Title                    = {Cosmological inflation and large-scale structure},
  Author                   = {Andrew R. Liddle},
  Publisher                = {Cambridge University Press},
  Year                     = {2000},

  Address                  = {Cambridge ; New York},
  Note                     = {ID: 44IMP_ALMA_DS2141484720001591; Includes bibliographical references (p. 377]-391) and index.},

  Keywords                 = {Inflationary universe; Large scale structure (Astronomy); Large scale structures (Astronomy)}
}

@Book{lyth,
  Title                    = {The Primordial Density Perturbation Cosmology, Inflation and the Origin of Structure},
  Author                   = {David H. Lyth},
  Publisher                = {Cambridge University Press},
  Year                     = {2009},

  Address                  = {Cambridge},
  Note                     = {ID: 44IMP_ALMA_DS5152611780001591},

  Abstract                 = {Graduate-level textbook providing a thorough account of theoretical cosmology and perturbations in the early Universe.},
  Keywords                 = {Astronomy; Inflationary universe; Perturbation (Astronomy); Electronic books}
}

@Article{jerome,
  Title                    = {The Best Inflationary Models After Planck},
  Author                   = {Jerome Martin and Christophe Ringeval and Roberto Trotta and Vincent Vennin},
  Year                     = {2013},

  Eprint                   = {arXiv:1312.3529}
}

@Book{mukhanov,
  Title                    = {Physical foundations of cosmology},
  Author                   = {V. F. Mukhanov},
  Publisher                = {Cambridge University Press},
  Year                     = {2005},

  Address                  = {Cambridge, UK},
  Note                     = {ID: 44IMP_ALMA_DS2149351720001591; Includes bibliographical references (p. 410-417) and index.},

  Keywords                 = {Cosmology; Inflationary universe; Quantum theory}
}

@Book{peacock,
  Title                    = {Cosmological physics},
  Author                   = {John A. Peacock},
  Publisher                = {Cambridge University Press},
  Year                     = {1999},

  Address                  = {Cambridge},
  Note                     = {ID: 44IMP_ALMA_DS2142377350001591; Includes bibliographical references and index.},

  Keywords                 = {Cosmology}
}

@Book{coles,
  Title                    = {Cosmology - The Origin and Evolution of Cosmic Structure},
  Author                   = {Peter Coles, Francesco Lucchin},
  Publisher                = {Wiley},
  Year                     = {2002},
  Edition                  = {2nd Edition},

  Owner                    = {Tom},
  Timestamp                = {2014.04.03}
}

@Booklet{cambridge,
  Title                    = {Physical Cosmology Lecture Notes},

  Address                  = {Cambridge University},
  Author                   = {M. Pettini},

  Owner                    = {Tom},
  Timestamp                = {2014.04.03}
}

@Booklet{pritchard,
  Title                    = {Cosmology Lecture Notes 2014},

  Address                  = {Imperial College},
  Author                   = {Jonathan R. Pritchard},
  Year                     = {2014},

  Owner                    = {Tom},
  Timestamp                = {2014.04.03}
}

@Misc{jacobi,
  Title                    = {The Scale Factor in the Universe with Dark Energy},

  Author                   = {M. V. Sazhin and O. S. Sazhina and U. Chadayammuri},
  Year                     = {2011},

  Eprint                   = {arXiv:1109.2258}
}

